@misc{basel2013principles,
  title={Principles for effective risk data aggregation and risk reporting},
  author={Basel Committee on Banking Supervision},
  year=2013,
  month=Jan,
  url={https://www.bis.org/publ/bcbs239.pdf},
  urldate={2019-12-31},
  publisher={\textcopyright Bank for International Settlements}
}

